%% This BibTeX bibliography file was created using BibDesk.
%% http://bibdesk.sourceforge.net/


%% Created for Valentina Neblitt-Jones at 2013-11-30 21:44:58 -0500 


%% Saved with string encoding Unicode (UTF-8) 



@misc{atomelements,
	Author = {Python.org},
	Date-Added = {2013-11-24 22:44:05 +0000},
	Date-Modified = {2013-12-01 02:43:56 +0000},
	Howpublished = {http://pythonhosted.org/feedparser/common-atom-elements.html},
	Title = {Common Atom Elements}}

@book{pci,
	Author = {Toby Segaran},
	Date-Added = {2013-11-14 02:09:44 +0000},
	Date-Modified = {2013-11-14 02:14:15 +0000},
	Publisher = {O'Reilly},
	Title = {Programming Collective Intelligence: Building Smart Web 2.0 Applications},
	Year = {2007}}
