%% This BibTeX bibliography file was created using BibDesk.
%% http://bibdesk.sourceforge.net/


%% Created for Valentina Neblitt-Jones at 2013-11-13 21:51:56 -0500 


%% Saved with string encoding Unicode (UTF-8) 



@misc{numpymean,
	Author = {NPE},
	Date-Added = {2013-11-14 02:16:44 +0000},
	Date-Modified = {2013-11-14 02:51:53 +0000},
	Howpublished = {http://stackoverflow.com/questions/7716331/calculating-arithmetic-mean-average-in-python},
	Lastchecked = {11/10/2013},
	Month = {November},
	Title = {Stack Overflow - Calculating arithmetic mean (average) in Python},
	Year = {2011}}

@book{pci,
	Author = {Toby Segaran},
	Date-Added = {2013-11-14 02:09:44 +0000},
	Date-Modified = {2013-11-14 02:14:15 +0000},
	Publisher = {O'Reilly},
	Title = {Programming Collective Intelligence: Building Smart Web 2.0 Applications},
	Year = {2007}}
